<?xml version="1.0" encoding="UTF-8"?><record xmlns="http://www.loc.gov/MARC21/slim" xmlns:cinclude="http://apache.org/cocoon/include/1.0" xmlns:zs="http://www.loc.gov/zing/srw/">
  <leader>00512nz  a2200145n  4500</leader>
  <controlfield tag="001">no2009025186</controlfield>
  <controlfield tag="003">DLC</controlfield>
  <controlfield tag="005">20090220081805.0</controlfield>
  <controlfield tag="008">090218n| acannaabn          |a aaa     c</controlfield>
  <datafield tag="010" ind1=" " ind2=" ">
    <subfield code="a">no2009025186</subfield>
  </datafield>
  <datafield tag="035" ind1=" " ind2=" ">
    <subfield code="a">(OCoLC)oca08019007</subfield>
  </datafield>
  <datafield tag="040" ind1=" " ind2=" ">
    <subfield code="a">MX-GjU</subfield>
    <subfield code="b">eng</subfield>
    <subfield code="c">MX-GjU</subfield>
  </datafield>
  <datafield tag="100" ind1="1" ind2=" ">
    <subfield code="a">Pat Fernaﾌ］dez, Juan Manuel</subfield>
  </datafield>
  <datafield tag="400" ind1="1" ind2=" ">
    <subfield code="a">Fernaﾌ］dez, Juan Manuel Pat</subfield>
  </datafield>
  <datafield tag="670" ind1=" " ind2=" ">
    <subfield code="a">Criterios de sustentabilidad para la planificacioﾌ］ en los Consejos Municipales de Desarrollo Rural Sustentable, 2007 :</subfield>
    <subfield code="b">t.p. (Juan Manuel Pat Fernaﾌ］dez)</subfield>
  </datafield>
</record>